@misc{about-prt,
    author={WVU},
    title={PRT (personal rapid transit): About the PRT},
    url={https://prt.wvu.edu/about-the-prt}, 
    journal={PRT (Personal Rapid Transit) | West Virginia University}, 
    year={2023}, 
    month={Oct}
} 