@misc{M_2018, 
    title={PRT - Morgantown, WV}, 
    url={https://www.flickr.com/photos/nick-m/2861037302}, 
    journal={Flickr}, 
    author={M, Nick}, 
    year={2018}, 
    month={Sep}
} 