@misc{M_2018, 
    title={PRT - Morgantown, WV}, 
    url={https://www.flickr.com/photos/nick-m/2861037302}, 
    journal={Flickr}, 
    author={M, Nick}, 
    year={2018}, 
    month={Sep}
} 
@misc{pidramblePowerConsumption,
	author = {},
	title = {{P}ower {C}onsumption {B}enchmarks | {R}aspberry {P}i {D}ramble --- pidramble.com},
	url = {https://www.pidramble.com/wiki/benchmarks/power-consumption},
	urldate = {2024-03-28}
}
@misc{wvuPersonalRapid,
	author = {WVU},
	title = {{P}{R}{T} ({P}ersonal {R}apid {T}ransit) | {S}ustainability --- prt.wvu.edu},
	url = {https://prt.wvu.edu/about-the-prt/sustainability},
	urldate = {2024-03-28}
}
@misc{linkedinEvaluateEnvironmental,
	author = {},
	title = {{H}ow do you evaluate the environmental and social impacts of {L}i{D}{A}{R} sensor use? --- linkedin.com},
	url = {https://www.linkedin.com/advice/0/how-do-you-evaluate-environmental-social-impacts-lidar-sensor},
	urldate = {2024-03-25}
}
@misc{liaLaserHazard,
	author = {LIA},
	title = {{L}aser {H}azard {C}lassification --- lia.org},
	url = {https://www.lia.org/resources/laser-safety-information/laser-hazard-classification},
	urldate = {2024-03-25}
}
@misc{amazon,
	author = {},
	title = {amazon.com},
	url = {https://www.amazon.com/Raspberry-Pi-Camera-Module-Megapixel/dp/B01ER2SKFS?source=ps-sl-shoppingads-lpcontext&ref_=fplfs&psc=1&smid=A30ZYR2W3VAJ0A},
	urldate = {2024-03-28}
}
@misc{privacyPolicy,
	author = {WVUITS},
	title = {Information Privacy Policy},
	url = {https://it.wvu.edu/policies-and-procedures/privacy/information-privacy-policy},
	urldate = {2024-04-16}
}
@misc{transportation,
	author = {WVU},
	title = {Transportation},
	url = {https://sustainability.wvu.edu/campus-efforts/transportation},
	urldate = {2024-04-16}
}
@misc{ieee,
	author = {IEEE},
	title = {Welcome to the IEEE 802.1 Working Group},
	url = {https://1.ieee802.org/},
	urldate = {2024-04-16}	
}